
@article{liu_bow_2019,
  title      = {From {BoW} to {CNN}: {Two} {Decades} of {Texture} {Representation} for {Texture} {Classification}},
  volume     = {127},
  issn       = {0920-5691, 1573-1405},
  shorttitle = {From {BoW} to {CNN}},
  url        = {http://link.springer.com/10.1007/s11263-018-1125-z},
  doi        = {10.1007/s11263-018-1125-z},
  language   = {en},
  number     = {1},
  urldate    = {2021-09-28},
  journal    = {International Journal of Computer Vision},
  author     = {Liu, Li and Chen, Jie and Fieguth, Paul and Zhao, Guoying and Chellappa, Rama and Pietik√§inen, Matti},
  month      = jan,
  year       = {2019},
  pages      = {74--109}
}

@inproceedings{ganga_survey_2021,
  title     = {Survey of {Texture} {Based} {Image} {Processing} and {Analysis}
  with {Differential} {Fractional} {Calculus} {Methods}},
  doi       = {10.1109/ICSCAN53069.2021.9526439},
  abstract  = {In image processing systems,
  image denoising, and image enhancement is an essential problem but it is
  difficult to analyze. These are aim to achieve the enhancing the quality of
  image which helps to achieve the human observer or the computer vision system
  in the preprocessing stage. The efficient technique of developing a
  fractional-based convolution mask based on the image denoising and image
  enhancement approaches which are having the ability to identify the edges in a
  detailed manner very substantially. The credible way of the above approaches
  is to differentiate between the important image features which are kept or
  evenly enhanced. In this paper, a review of various image processing
  application texture image enhancement processes using mathematical formulas
  like fractional derivative calculus with various conventional works. Here
  review the various existing methods in enhancement of image processing
  methods.},
  booktitle = {2021 {International} {Conference} on {System},
  {Computation}, {Automation} and {Networking} ({ICSCAN})},
  author    = {Ganga,
  M. and Janakiraman, N. and Sivaraman, Arun Kumar and Balasundaram, A and
  Vincent, Rajiv and Rajesh, M},
  month     = jul,
  year      = {2021},
  keywords  = {Computer vision, Convolution, Image edge detection, Noise reduction,
  Observers, Calculus, Image enhancement, image processing, denoising,
  enhancement, fractional derivative calculus, convolution mask},
  pages     = {1--6}
}
